% --- Programming

@Book{Hans96,
  author = 	 {David Hanson},
  title = 	 {{C} Interfaces and Implementations},
  publisher = 	 {Addison-Wesley},
  year = 	 {1996}
}

@Book{FrasHans95,
  author = 	 {Chris Fraser and David Hanson},
  title = 	 {A Retargetable {C} Compiler: Design and Implementation},
  publisher = 	 {Addison-Wesley},
  year = 	 {1995}
}

@Book{Knut92,
  author = 	 {Donald Knuth},
  title = 	 {Literate Programming},
  publisher = 	 {Stanford Center for Study of Language and Information},
  year = 	 {1992}
}

@Manual{Lua01,
  title = 	 {Reference Manual of the Programming Language Lua 4.0},
  author = 	 {Roberto Ierusalimschy and
                  Luiz Henrique de Figueiredo and
                  Waldemar Celes},
  organization = {TeCGraf, PUC-Rio},
  month = 	 {October},
  year = 	 {2001},
  note = 	 {Available at \verb|www.lua.org|},
}

@Misc{Noweb-url,
  author = 	 {Norman Ramsey},
  title = 	 {Noweb home page},
  note = 	 {\verb|http://www.eecs.harvard.edu/~nr/noweb|}
}

@Article{Rams94,
  author = 	 {Norman Ramsey},
  title = 	 {Literate programming simplified},
  journal = 	 {{IEEE} Software},
  year = 	 {1994},
  volume = 	 {11},
  number = 	 {5},
  pages = 	 {97--105},
  month = 	 {September},
}


% --- MEMS

@Book{Sent01,
  author = 	 {Stephen Senturia},
  title = 	 {Microsystem Design},
  publisher = 	 {Kluwer Academic Publishers},
  year = 	 {2001},
}

@Book{Kova98,
  author = 	 {Gregory Kovacs},
  title = 	 {Micromachined Transducers Sourcebook},
  publisher = 	 {McGraw-Hill},
  year = 	 {1998},
}

@Book{HallResn62a,
  author = 	 {David Halliday and Robert Resnick},
  title = 	 {Physics, Part I},
  publisher = 	 {John Wiley and Sons, Inc.},
  year = 	 {1962},
}

@Book{HallResn62b,
  author = 	 {David Halliday and Robert Resnick},
  title = 	 {Physics, Part II},
  publisher = 	 {John Wiley and Sons, Inc.},
  year = 	 {1962},
}

@Article{AlurWhit97,
  author = 	 {N.R.~Alaru and J.~White},
  title = 	 {An efficient numerical technique for electromechanical
                  simulation of complicated microelectromechanical structures},
  journal = 	 {Sensors and Actuators A},
  year = 	 {1997},
  pages = 	 {1--11},
}

@Article{LiAlur01,
  author = 	 {Gang Li and N.R.~Aluru},
  title = 	 {Linear, nonlinear, and mixed-regime analysis
                  of electrostatic MEMS},
  journal = 	 {Sensors and Actuators A},
  year = 	 {2001},
  pages = 	 {278--291},
}

@Unpublished{LiAlar01b,
  author = 	 {Gang Li and N.R.~Alaru},
  title = 	 {A Lagrangian approach to compute electrostatic forces
                  on deformable MEMS},
  note = 	 {Under review},
}

@InProceedings{Peles01,
  author = 	 {J.A.~Pelesko},
  title = 	 {Electrostatic Field Approximations and 
                  Implications for MEMS Devices},
  booktitle = 	 {Proceedings of ESA 2001}
}

% --- FEM

@Book{Redd93,
  author = 	 {J.N.~Reddy},
  title = 	 {An Introduction to the Finite Element Method},
  publisher = 	 {McGraw-Hill},
  year = 	 {1993},
  edition = 	 {Second},
}

@Book{Hugh00,
  author = 	 {Thomas J.R.~Hughes},
  title = 	 {The Finite Element Method: Linear Static
                  and Dynamic Finite Element Analysis},
  publisher = 	 {Dover},
  year = 	 {2000},
}

@Book{ZienTayl00a,
  author = 	 {O.C.~Zienkiewicz and R.L.~Taylor},
  title = 	 {The Finite Element Method, Volume 1: The Basis},
  publisher = 	 {Butterworth Heinemann},
  year = 	 {2000},
  edition = 	 {Fifth},
}

@Book{ZienTayl00b,
  author = 	 {O.C.~Zienkiewicz and R.L.~Taylor},
  title = 	 {The Finite Element Method, Volume 2: Solid Mechanics},
  publisher = 	 {Butterworth Heinemann},
  year = 	 {2000},
  edition = 	 {Fifth},
}

@Book{ZienTayl00c,
  author = 	 {O.C.~Zienkiewicz and R.L.~Taylor},
  title = 	 {The Finite Element Method, Volume 3: Fluid Mechanics},
  publisher = 	 {Butterworth Heinemann},
  year = 	 {2000},
  edition = 	 {Fifth},
}

