% --- Programming

@Book{Hans96,
  author = 	 {David Hanson},
  title = 	 {{C} Interfaces and Implementations},
  publisher = 	 {Addison-Wesley},
  year = 	 {1996}
}

@Book{Knut92,
  author = 	 {Donald Knuth},
  title = 	 {Literate Programming},
  publisher = 	 {Stanford Center for Study of Language and Information},
  year = 	 {1992}
}

@Manual{Lua01,
  title = 	 {Reference Manual of the Programming Language Lua 4.0},
  author = 	 {Roberto Ierusalimschy and
                  Luiz Henrique de Figueiredo and
                  Waldemar Celes},
  organization = {TeCGraf, PUC-Rio},
  month = 	 {October},
  year = 	 {2001},
  note = 	 {Available at \verb|www.lua.org|},
}

@Misc{Noweb-url,
  author = 	 {Norman Ramsey},
  title = 	 {Noweb home page},
  note = 	 {\verb|http://www.eecs.harvard.edu/~nr/noweb|}
}

@Article{Rams94,
  author = 	 {Norman Ramsey},
  title = 	 {Literate programming simplified},
  journal = 	 {{IEEE} Software},
  year = 	 {1994},
  volume = 	 {11},
  number = 	 {5},
  pages = 	 {97--105},
  month = 	 {September},
}

